<record><leader>00000cas a2200000 a 4500</leader><controlfield tag="001">10862558</controlfield><controlfield tag="008">840620d18331838nyuwr ne      0   a0eng c</controlfield><datafield ind1=" " ind2=" " tag="010"><subfield code="a">sn 84025799 </subfield></datafield><datafield ind1=" " ind2=" " tag="040"><subfield code="a">NPV</subfield><subfield code="b">eng</subfield><subfield code="c">NPV</subfield><subfield code="d">NYG</subfield><subfield code="d">NPX</subfield><subfield code="d">DLC</subfield><subfield code="d">NYS</subfield><subfield code="d">YOX</subfield><subfield code="d">NVK</subfield><subfield code="d">OCL</subfield><subfield code="d">NYS</subfield><subfield code="d">KRTAS</subfield><subfield code="d">OCLCQ</subfield><subfield code="d">OCLCF</subfield><subfield code="d">OCLCO</subfield></datafield><datafield ind1="1" ind2=" " tag="029"><subfield code="a">AU@</subfield><subfield code="b">000025838180</subfield></datafield><datafield ind1=" " ind2=" " tag="042"><subfield code="a">pcc</subfield></datafield><datafield ind1=" " ind2=" " tag="043"><subfield code="a">n-us-ny</subfield></datafield><datafield ind1="0" ind2="0" tag="050"><subfield code="a">Newspaper 8999</subfield></datafield><datafield ind1="0" ind2=" " tag="130"><subfield code="a">Mercury (New York, N.Y.)</subfield></datafield><datafield ind1="1" ind2="4" tag="245"><subfield code="a">The Mercury.</subfield></datafield><datafield ind1="1" ind2="3" tag="246"><subfield code="a">New York mercury</subfield></datafield><datafield ind1=" " ind2=" " tag="260"><subfield code="a">New York [N.Y. :</subfield><subfield code="b">s.n.],</subfield><subfield code="c">1833-</subfield></datafield><datafield ind1=" " ind2=" " tag="300"><subfield code="a">v. ;</subfield><subfield code="c">65 cm.</subfield></datafield><datafield ind1=" " ind2=" " tag="310"><subfield code="a">Weekly</subfield></datafield><datafield ind1="0" ind2=" " tag="362"><subfield code="a">Vol. 5, no. 1 (Jan. 3, 1833)-v. 10, no. 11 (Mar. 15, 1838).</subfield></datafield><datafield ind1=" " ind2=" " tag="500"><subfield code="a">Editors: David Hale and Gerald Hallock, &lt;1836&gt;</subfield></datafield><datafield ind1=" " ind2=" " tag="530"><subfield code="a">Also issued on microfilm from State Historical Society of Wisconsin.</subfield></datafield><datafield ind1=" " ind2="0" tag="651"><subfield code="a">New York (N.Y.)</subfield><subfield code="v">Newspapers.</subfield></datafield><datafield ind1=" " ind2="0" tag="651"><subfield code="a">New York County (N.Y.)</subfield><subfield code="v">Newspapers.</subfield></datafield><datafield ind1=" " ind2="7" tag="655"><subfield code="a">Newspapers.</subfield><subfield code="2">fast</subfield><subfield code="0">(OCoLC)fst01423814</subfield></datafield><datafield ind1=" " ind2="7" tag="651"><subfield code="a">New York (State)</subfield><subfield code="z">New York.</subfield><subfield code="2">fast</subfield><subfield code="0">(OCoLC)fst01204333</subfield></datafield><datafield ind1=" " ind2="7" tag="651"><subfield code="a">New York (State)</subfield><subfield code="z">New York County.</subfield><subfield code="2">fast</subfield><subfield code="0">(OCoLC)fst01234953</subfield></datafield><datafield ind1=" " ind2=" " tag="752"><subfield code="a">United States</subfield><subfield code="b">New York</subfield><subfield code="c">New York</subfield><subfield code="d">New York.</subfield></datafield><datafield ind1="1" ind2=" " tag="775"><subfield code="t">New York journal of commerce (New York, N.Y. : Daily)</subfield><subfield code="w">(DLC)sn 83030542</subfield><subfield code="w">(OCoLC)1775475</subfield></datafield><datafield ind1="1" ind2=" " tag="775"><subfield code="t">New York journal of commerce (New York, N.Y. : Semiweekly)</subfield><subfield code="w">(DLC)sn 83030543</subfield><subfield code="w">(OCoLC)9588091</subfield></datafield><datafield ind1="0" ind2="0" tag="780"><subfield code="t">New York Mercury (New York, N.Y. : 1828)</subfield><subfield code="w">(DLC)sn 83030527</subfield><subfield code="w">(OCoLC)9600162</subfield></datafield><datafield ind1="0" ind2="0" tag="785"><subfield code="t">Mercury, and weekly journal of commerce</subfield><subfield code="w">(DLC)sn 83030529</subfield><subfield code="w">(OCoLC)9604297</subfield></datafield><datafield ind1=" " ind2=" " tag="938"><subfield code="a">Kirtas Technologies, Inc.</subfield><subfield code="b">KRTS</subfield><subfield code="n">738548</subfield></datafield></record>